<record><leader>00000cas a22000007a 4500</leader><controlfield tag="001">9604821</controlfield><controlfield tag="008">830614d18781884ohucr ne      0    0eng d</controlfield><datafield ind1=" " ind2=" " tag="010"><subfield code="a">sn 83035223 </subfield></datafield><datafield ind1=" " ind2=" " tag="040"><subfield code="a">NPY</subfield><subfield code="b">eng</subfield><subfield code="c">NPY</subfield><subfield code="d">ONP</subfield><subfield code="d">CRL</subfield><subfield code="d">OCLCQ</subfield><subfield code="d">OCLCF</subfield><subfield code="d">OCLCO</subfield></datafield><datafield ind1="1" ind2=" " tag="029"><subfield code="a">AU@</subfield><subfield code="b">000025840022</subfield></datafield><datafield ind1=" " ind2=" " tag="042"><subfield code="a">msc</subfield></datafield><datafield ind1=" " ind2=" " tag="043"><subfield code="a">n-us-oh</subfield></datafield><datafield ind1="0" ind2="0" tag="245"><subfield code="a">Semi-weekly Ashtabula sentinel.</subfield></datafield><datafield ind1="1" ind2="3" tag="246"><subfield code="a">Ashtabula sentinel</subfield></datafield><datafield ind1=" " ind2=" " tag="260"><subfield code="a">Jefferson, Ashtabula Co., Ohio :</subfield><subfield code="b">J.A. Howells &amp; Co.,</subfield><subfield code="c">1878-1884.</subfield></datafield><datafield ind1=" " ind2=" " tag="300"><subfield code="a">6 v. :</subfield><subfield code="b">ill.</subfield></datafield><datafield ind1=" " ind2=" " tag="310"><subfield code="a">Semiweekly</subfield></datafield><datafield ind1="0" ind2=" " tag="362"><subfield code="a">Vol. 47, no. [43] (Oct. 23, 1878)-53rd year, no. 92 (Nov. 15, 1884).</subfield></datafield><datafield ind1=" " ind2=" " tag="530"><subfield code="a">Also available on microfilm from The Center for Research Libraries.</subfield></datafield><datafield ind1=" " ind2="0" tag="651"><subfield code="a">Ashtabula (Ohio)</subfield><subfield code="v">Newspapers.</subfield></datafield><datafield ind1=" " ind2="0" tag="651"><subfield code="a">Jefferson (Ashtabula County, Ohio)</subfield><subfield code="v">Newspapers.</subfield></datafield><datafield ind1=" " ind2="0" tag="651"><subfield code="a">Ashtabula County (Ohio)</subfield><subfield code="v">Newspapers.</subfield></datafield><datafield ind1=" " ind2="7" tag="655"><subfield code="a">Newspapers.</subfield><subfield code="2">fast</subfield><subfield code="0">(OCoLC)fst01423814</subfield></datafield><datafield ind1=" " ind2="7" tag="651"><subfield code="a">Ohio</subfield><subfield code="z">Ashtabula.</subfield><subfield code="2">fast</subfield><subfield code="0">(OCoLC)fst01222895</subfield></datafield><datafield ind1=" " ind2="7" tag="651"><subfield code="a">Ohio</subfield><subfield code="z">Ashtabula County.</subfield><subfield code="2">fast</subfield><subfield code="0">(OCoLC)fst01210121</subfield></datafield><datafield ind1=" " ind2="7" tag="651"><subfield code="a">Ohio</subfield><subfield code="z">Jefferson (Ashtabula County)</subfield><subfield code="2">fast</subfield><subfield code="0">(OCoLC)fst01315983</subfield></datafield><datafield ind1=" " ind2=" " tag="752"><subfield code="a">United States</subfield><subfield code="b">Ohio</subfield><subfield code="c">Ashtabula</subfield><subfield code="d">Jefferson.</subfield></datafield><datafield ind1="0" ind2="0" tag="780"><subfield code="t">Ashtabula sentinel (Ashtabula, Ohio : 1832)</subfield><subfield code="w">(DLC)sn 83035222</subfield><subfield code="w">(OCoLC)9603723</subfield></datafield><datafield ind1="0" ind2="0" tag="785"><subfield code="t">Ashtabula sentinel (Jefferson, Ohio : 1884)</subfield><subfield code="w">(DLC)sn 83035224</subfield><subfield code="w">(OCoLC)96044837</subfield></datafield></record>